<?xml version="1.0" encoding="UTF-8"?><collection xmlns="http://www.loc.gov/MARC21/slim"><record><leader>00468nam--2200181-i-4500</leader><controlfield tag="001">000040290</controlfield><controlfield tag="002">20161230</controlfield><controlfield tag="005">20161230201042</controlfield><controlfield tag="008">060222s1000------------r-----000-0-fre-d</controlfield><datafield ind1=" " ind2=" " tag="040"><subfield code="a">IFIN-HH</subfield></datafield><datafield ind1=" " ind2=" " tag="041"><subfield code="a">fre</subfield></datafield><datafield ind1=" " ind2=" " tag="080"><subfield code="a">534</subfield></datafield><datafield ind1="1" ind2=" " tag="100"><subfield code="a">Santen, G.W. Van</subfield></datafield><datafield ind1="1" ind2="0" tag="245"><subfield code="a">Introduction a une etude des vibrations mechanique</subfield><subfield code="c">G.w. van sanren</subfield></datafield><datafield ind1=" " ind2=" " tag="260"><subfield code="a">Paris, Dunod, 1957</subfield></datafield><datafield ind1=" " ind2=" " tag="300"><subfield code="a">XV + 316 P. + 216 FIG</subfield></datafield><datafield ind1=" " ind2=" " tag="852"><subfield code="a">14504</subfield><subfield code="c">534</subfield></datafield><datafield ind1=" " ind2=" " tag="CAT"><subfield code="a">Sys</subfield><subfield code="c">20101007</subfield><subfield code="h">083023</subfield></datafield></record></collection>